@article{duckworth,
  title={A fair method for resetting the target in interrupted one-day cricket matches},
  author={Duckworth, Frank C and Lewis, Anthony J},
  journal={Journal of the Operational Research Society},
  volume={49},
  number={3},
  pages={220--227},
  year={1998},
  publisher={Taylor \& Francis}
}

@article{duckworth2,
  title={A successful operational research intervention in one-day cricket},
  author={Duckworth, FC and Lewis, AJ},
  journal={Journal of the Operational Research Society},
  volume={55},
  number={7},
  pages={749--759},
  year={2004},
  publisher={Taylor \& Francis}
}

@article{stern,
  title={The Duckworth-Lewis-Stern method: extending the Duckworth-Lewis methodology to deal with modern scoring rates},
  author={Stern, Steven E},
  journal={Journal of the Operational Research Society},
  volume={67},
  number={12},
  pages={1469--1480},
  year={2016},
  publisher={Taylor \& Francis}
}

@misc{cricData,
  title={Cricsheet},
  author={Stephen Rushe},
  howpublished={{https://cricsheet.org/}},
  note={Accessed: 27/07/2021}
}

@article{dlbayes,
  title={A Statistical Exploration of Duckworth-Lewis Method Using Bayesian Inference},
  author={Bhattacharya, Indrabati and Ghosal, Rahul and Ghosh, Sujit},
  journal={arXiv preprint arXiv:1810.00908},
  year={2018}
}

@article{kolm,
  title={The Kolmogorov-Smirnov test for goodness of fit},
  author={Massey Jr, Frank J},
  journal={Journal of the American statistical Association},
  volume={46},
  number={253},
  pages={68--78},
  year={1951},
  publisher={Taylor \& Francis}
}

@inproceedings{phanse,
  title={Evaluation and Extension to the Duckworth Lewis Method: A Dual Application of Data Mining Techniques},
  author={Phanse, Viraj and Deorah, Sourabh},
  booktitle={2011 IEEE 11th International Conference on Data Mining Workshops},
  pages={763--770},
  year={2011},
  organization={IEEE}
}